<record><leader>00000cas a22000007a 4500</leader><controlfield tag="001">17935739</controlfield><controlfield tag="008">880511d18811889ohuwr ne      0    0eng d</controlfield><datafield ind1=" " ind2=" " tag="010"><subfield code="a">sn 88078559 </subfield></datafield><datafield ind1=" " ind2=" " tag="040"><subfield code="a">ONP</subfield><subfield code="b">eng</subfield><subfield code="c">ONP</subfield><subfield code="d">OCLCQ</subfield></datafield><datafield ind1=" " ind2=" " tag="042"><subfield code="a">msc</subfield></datafield><datafield ind1="0" ind2=" " tag="130"><subfield code="a">Bellville star (Bellville, Ohio : 1881)</subfield></datafield><datafield ind1="1" ind2="4" tag="245"><subfield code="a">The Bellville star.</subfield></datafield><datafield ind1=" " ind2=" " tag="260"><subfield code="a">Bellville, Richland County, Ohio :</subfield><subfield code="b">Star Pub. Co.,</subfield><subfield code="c">1881-1889.</subfield></datafield><datafield ind1=" " ind2=" " tag="300"><subfield code="a">v.</subfield></datafield><datafield ind1=" " ind2=" " tag="310"><subfield code="a">Weekly</subfield></datafield><datafield ind1="0" ind2=" " tag="362"><subfield code="a">Vol. 5, no. 2 (Oct. 13, 1881)-v. 12, no. 30 (Apr. 25, 1889).</subfield></datafield><datafield ind1=" " ind2="4" tag="651"><subfield code="a">Bellville (Ohio)</subfield><subfield code="v">Newspapers.</subfield></datafield><datafield ind1=" " ind2="4" tag="651"><subfield code="a">Richland County (Ohio)</subfield><subfield code="v">Newspapers.</subfield></datafield><datafield ind1=" " ind2=" " tag="752"><subfield code="a">United States</subfield><subfield code="b">Ohio</subfield><subfield code="c">Richland</subfield><subfield code="d">Bellville.</subfield></datafield><datafield ind1="0" ind2="4" tag="780"><subfield code="t">Richland star</subfield><subfield code="w">(DLC)sn 88078561</subfield></datafield><datafield ind1="0" ind2="4" tag="780"><subfield code="t">Bellville weekly</subfield><subfield code="w">(DLC)sn 88078562</subfield></datafield><datafield ind1="0" ind2="7" tag="785"><subfield code="t">Weekly Independent (Bellville, Ohio)</subfield><subfield code="w">(DLC)sn 88078560</subfield></datafield><datafield ind1="0" ind2="7" tag="785"><subfield code="t">Independent-star (Bellville, Ohio)</subfield><subfield code="w">(DLC)sn 88078558</subfield></datafield><datafield ind1="1" ind2=" " tag="029"><subfield code="a">AU@</subfield><subfield code="b">000020510664</subfield></datafield></record>